@misc{speed,
  author =       "Nate Morrison",
  title =        "The Soldierâ€™s Ideal Speed",
  howpublished = "online",
  url =          "https://spotterup.com/the-soldiers-ideal-speed/",
  note =        "[cit. 2022-12-03]"
}

@misc{vision,
  author =       "AlexP",
  title =        "How far can a human see a human sized object in detail",
  howpublished = "online",
  url =          "https://worldbuilding.stackexchange.com/questions/222204/how-far-can-a-human-see-a-human-sized-object-in-detail",
  note =        "[cit. 2022-12-03]"
}

@misc{guns,
  author =       "Donald Sensing",
  title =        "Infantry rifle combat distances unchanged since World War I",
  howpublished = "online",
  url =          "http://donaldmsensing.blogspot.com/2003/06/infantry-rifle-combat-distances.html?m=1",
  note =        "[cit. 2022-12-03]"
}